@online{latex:arzteblatt,
	title = {Höchststand bei Arbeitsausfällen wegen psychischer Erkrankungen},
	author = {Ärzteblatt},
	date = {2024/03/05},
	year = {2024},
	url = {https://www.aerzteblatt.de/nachrichten/149767/Hoechststand-bei-Arbeitsausfaellen-wegen-psychischer-Erkrankungen},
	urldate = {2024-08-18}
}


@online{latex:dak,
	title = {Entwicklungen der psychischen Erkrankungen im Job: 2013 - 2023. Psychreport},
	author = {DAK-Gesundheit},
	date = {2024/02/15},
	year = {2024},
	url ={https://caas.content.dak.de/caas/v1/media/59154/data/0114eed547a91f626b09d8265310d1e5/240305-download-bericht-psychoreport-2023.pdf},
	urldate = {2024-08-18}
}


% and others =  et. al. 
% doi = {10.3238/arztebl.m2024.0052}
% url = {http://dx.doi.org/10.1.1/jpb001}
@article{thom2024trends,
  title = {Trends in the diagnostic prevalence of mental disorders, 2012–2022 - using nationwide outpatient claims data for mental health surveillance},
  author = {Thom, J. and Jonas, B. and Reitzle, L. and others},
  journal = {Deutsches Arzteblatt International 2024},
  volume = {121},
  number = {11},
  pages = {355–-62},
  year = {2024},
  doi = {10.3238/arztebl.m2024.0052}
}


@online{latex:rki,
	title = {Mental Health Surveillance - Beobachtung der psychischen Gesundheit der erwachsenen Bevölkerung in Deutschland},
	author = {Robert-Koch-Institut},
	year = {2024},
	url = {https://public.data.rki.de/t/public/views/hf-MHS_Dashboard/Dashboard?%3Aembed=y&%3AisGuestRedirectFromVizportal=y},
	urldate = {2024-09-11}
}


@online{latex:nickels,
	title = {Psychische Erkrankungen nehmen zu},
	author = {Nickels, Lothar},
    date = {2020/06/18},
	year = {2020},
	url = {https://www.planet-wissen.de/gesellschaft/psychologie/psychotherapie/psychische-erkrankungen-104.html},
	urldate = {2024-09-18}
}


@online{latex:knollenborg,
	title = {Die Zahl der Depressionen steigt – warum das sogar ein gutes Zeichen ist},
	author = {Knollenborg, Leonard},
    date = {2024/01/06},
	year = {2024},
	url = {https://www.wiwo.de/erfolg/management/psychische-erkrankungen-die-zahl-der-depressionen-steigt-warum-das-sogar-ein-gutes-zeichen-ist/29484794.html},
	urldate = {2024-09-18}
}


@book{wagner2021psychische,
  title = {Psychische Störungen verstehen - Orientierungshilfe für Angehörige},
  author = {Wagner, E.},
  year = {2021},
  publisher = {Springer Nature}
}


@phdthesis{weisel2021digital,
    title = {Innovations in Digital Mental Health - Transdiagnostic Approaches, Patient Perspectives, Effect Modifiers, and Smartphone Apps},
    school = {Friedrich-Alexander-Universität Erlangen-Nürnberg},
    author = {Weisel, K.},
    year = {2021}
}


@article{brenes2007anxiety,
  title = {Anxiety, Depression, and Quality of Life in Primary Care Patients},
  author = {Brenes, G.},
  journal = {Primary Care Companion to the Journal of Clinical Psychiatry},
  volume = {9},
  number = {6},
  pages = {437--43},
  year = {2007},
  doi = {10.4088/PCC.v09n0606}
}


% and others =  et. al.
@article{doering2010comorbid,
  title = {Persistent Comorbid Symptoms of Depression and Anxiety Predict Mortality in Heart Disease},
  author = {Doering, L. V. and Moser, D. K. and Riegel, B. and others},
  journal = {International Journal of Cardiology},
  volume = {145},
  number = {2},
  pages = {188--192},
  year = {2010},
  doi = {10.1016/j.ijcard.2009.05.025},
  url = {https://doi.org/10.1016/j.ijcard.2009.05.025}
}


% and others =  et. al.
@article{mack2014utilization,
  title = {Self-reported utilization of mental health services in the adult German population – evidence for unmet needs?},
  author = {Mack, S. and Jacobi, F. and Gerschler, A.and others},
  journal = {Results of the DEGS1-Mental Health Module (DEGS1-MH)},
  volume = {23},
  pages = {289-–303},
  year = {2014},
  doi = {10.1002/mpr.1438},
  url = {https://doi.org/10.1002/mpr.1438}
}


@article{alonso2004use,
  title = {Use of mental health services in Europe: results from the European Study of the Epidemiology of Mental Disorders (ESEMeD) project},
  author = {Alonso, J. and Angermeyer, M. C. and Bernert, S. and others},
  journal = {Acta Psychiatrica Scandinavica. Supplementum},
  volume = {2004},
  number = {420},
  pages = {47--54},
  year = {2004},
  doi = {10.1111/j.1600-0047.2004.00330.x},
}


@article{strauss2015chancenungleichheit,
  title = {Chancenungleichheit auf der Suche nach einem Therapieplatz},
  author = {Strauß, B.},
  journal = {Psychotherapeut},
  volume = {60},
  pages = {389–-396},
  year = {2015},
  doi = {10.1007/s00278-015-0044-5},
  url = {https://doi.org/10.1007/s00278-015-0044-5}
}


@book{schofield1964psychotherapy,
  title = {Psychotherapy - the Purchase of Friendship},
  author = {Schofield, W.},
  year = {1964},
  publisher = {Prentice-Hall, Inc., Englewood Cliffs, N. J.}
}


@incollection{meehl1973why,
  title={Why I do not attend case conferences},
  author={Meehl, P. E.},
  editor={Meehl, P. E.},
  booktitle={Psychodiagnosis: Collected papers},
  pages={225--302},
  year={1973},
  publisher={The University of Minnesota Press, Minneapolis}
}


@book{huber1993psychotherapies,
  title = {Les Psychothérapies : Quelle Thérapie pour quel Patient?},
  author = {Huber, W.},
  year = {1993},
  publisher = {Nathan Université}
}


